% This file was created with JabRef 2.9.2.
% Encoding: UTF8

@MISC{calligra,
  author = {Gerd neugebauer},
  title = {The {C}alligra package for use with LaTeX},
  month = {4},
  year = {2012},
  owner = {kj},
  timestamp = {2014.08.30}
}

@MISC{mathdots,
  author = {The mathdots package},
  title = {Dan Luecking},
  month = {6},
  year = {2014},
  owner = {Georgio},
  timestamp = {2015.08.18}
}

@MISC{forest,
  author = {Sa\v{s}o \v{Z}ivanovi\'{c}},
  title = {A \texttt{pgf/TikZ-}based package for drawing linguistic trees},
  month = {7},
  year = {2015},
  owner = {Georgio},
  timestamp = {2015.08.18}
}

@BOOK{Abrahams2003,
  title = {\TeX\ for the Impatient},
  publisher = {GNU},
  year = {2003},
  author = {Paul W. Abrahams and Kathryn A. Hargreaves and Karl Berry}
}

@BOOK{pdfreference,
  title = {PDF Reference sixth edition},
  publisher = {Adobe Systems Incorporated},
  year = {2006},
  author = {Adobe},
  edition = {sixth},
  owner = {Georgio},
  timestamp = {2015.02.14},
  url = {http://www.adobe.com/content/dam/Adobe/en/devnet/acrobat/pdfs/pdf_reference_1-7.pdf}
}

@ARTICLE{xkeyval,
  author = {Hendri Adriaens and Uwe Kern},
  title = {xkeyval---new developments and mechanisms in key processing},
  journal = {TUGboat},
  year = {2004},
  volume = {25},
  pages = {194-199},
  number = {2},
  owner = {kj},
  timestamp = {2014.08.14}
}

@ARTICLE{boris2012a,
  author = {Leyla Akhmadeeva and Ilnar Tukhvatullin and Boris Veytsman},
  title = {Do serifs help in comprehension of printed text? An experiment with
	Cyrillic
	
	readers},
  journal = {Vision},
  year = {2012},
  volume = {65},
  pages = {21-24},
  doi = {http://dx.doi.org/10.1016/j.visres.2012.05.013},
  owner = {Georgio},
  timestamp = {2015.02.09}
}

@MISC{wrapfig,
  author = {Arsenau, Donald},
  title = {The {W}rapfig package.},
  month = {Jan 31},
  year = {2003},
  owner = {kj},
  timestamp = {2014.08.08}
}

@MISC{ulem,
  author = {Donald Arseneau},
  title = {The ulem package: underlining for emphasis},
  month = {3},
  year = {2011},
  owner = {Georgio},
  timestamp = {2015.08.18}
}

@MISC{varwidth,
  author = {Donald Arseneau},
  title = {The varwidth package},
  month = {9},
  year = {2011},
  owner = {Georgio},
  timestamp = {2015.08.18}
}

@MISC{threeparttable,
  author = {Donald Arseneau},
  title = {The \texttt{threeparttable} package},
  month = {3},
  year = {2010},
  owner = {Georgio},
  timestamp = {2015.08.18}
}

@MISC{undertilde,
  author = {Benjamin Bayart},
  title = {The undertilde package},
  month = {August},
  year = {2000},
  owner = {Georgio},
  timestamp = {2015.06.29}
}

@MISC{canonicallayout,
  author = {Claudio Beccari},
  title = {Package canonical layout},
  year = {2015},
  owner = {Georgio},
  timestamp = {2015.02.03},
  url = {ftp://ftp.dante.de/tex-archive/macros/latex/contrib/canoniclayout/canoniclayout.pdf}
}

@ARTICLE{bechto88,
  author = {Bechtolsheim, Stephan v},
  title = {A Tutorial on \textbackslash futurelet},
  journal = {TUGboat},
  year = {1988},
  volume = {9},
  pages = {276},
  owner = {kj},
  timestamp = {2014.08.12},
  url = {https://www.tug.org/TUGboat/tb09-3/tb22bechtolsheim.pdf}
}

@ARTICLE{beeton2015,
  author = {Barbara Beeton},
  title = {Hyphenation exception Log},
  journal = {TUGboat},
  year = {2015},
  month = {3},
  owner = {Georgio},
  timestamp = {2015.08.10}
}

@TECHREPORT{beetona,
  author = {Barbara Beeton and Asmus Freytag and Murray Sargent III},
  title = {Unicode Support for Mathematics},
  institution = {Unicode Organization},
  year = {2012},
  number = {Revsion 13},
  month = {Apr},
  note = {Unicode Technical Report 25},
  owner = {kj},
  timestamp = {2014.09.01}
}

@MISC{Beffara2010,
  author = {Emmanuel Beffara},
  title = {Linear Logic symbols for Computer Modern},
  month = {April},
  year = {2010},
  owner = {Georgio},
  timestamp = {2015.06.26}
}

@MISC{cmll,
  author = {Emmanuel Beffara},
  title = {Linear Logic symbols for Computer Modern},
  month = {April},
  year = {2010},
  owner = {kj},
  timestamp = {2014.08.30}
}

@MISC{fourier,
  author = {Michel Bovani},
  title = {Fourier-GUT\textit{enberg}},
  month = {1},
  year = {2005},
  owner = {Georgio},
  timestamp = {2015.08.18}
}

@MISC{fourier-orns,
  author = {Michel Bovani},
  title = {The fourier-orns package},
  month = {1},
  year = {2005},
  owner = {Georgio},
  timestamp = {2015.08.18}
}

@MISC{alltt,
  author = {Johannes Braams},
  title = {The \texttt{alltt} environment},
  month = {6},
  year = {1997},
  owner = {Georgio},
  timestamp = {2015.08.18}
}

@MISC{babel,
  author = {Johannes L. Braams and Javier Bezos},
  title = {Babel version 3.9k},
  month = {3},
  year = {2014},
  owner = {kj},
  timestamp = {2014.08.26}
}

@BOOK{Bringhurst2005,
  title = {The Elements of Typography},
  publisher = {Hartley \& Marks},
  year = {2005},
  author = {Robert Bringhurst},
  edition = {3.1},
  isbn = {0-88179-205-5}
}

@MISC{mhchem,
  author = {The mhchem Bundle},
  title = {Martin Hensel},
  year = {2014-03-27},
  owner = {Georgio},
  timestamp = {2015.02.16}
}

@MISC{everypage,
  author = {Sergio Callegari},
  title = {The everypage package},
  month = {6},
  year = {2007},
  abstract = {The everypage package extends \LaTeX\ providing hooks to do actions
	on every
	
	page or on the current page. Specifically, actions are performed before
	the page is
	
	shipped, so they can be used to put watermarks in the background of
	a page, or
	
	to set the page layout. The package reminds in some sense bobhook
	by Karsten
	
	Tinnefeld, but it differs in the way in which the hooks are implemented,
	as detailed
	
	in the following. In some sense it may also be related to the package
	everyshi by
	
	Martin Schroeder, but again the implementation is different.},
  owner = {Georgio},
  timestamp = {2015.08.12}
}

@MISC{color,
  author = {David Carlisle},
  title = {The color package},
  month = {October},
  year = {2014},
  owner = {Georgio},
  timestamp = {2015.02.14}
}

@MISC{hhline,
  author = {David Carlisle},
  title = {The hhline package},
  month = {10},
  year = {2014},
  owner = {Georgio},
  timestamp = {2015.08.13}
}

@MISC{keyval,
  author = {David Carlisle},
  title = {The keyval package},
  month = {May 8},
  year = {2014},
  owner = {Georgio},
  timestamp = {2015.02.16}
}

@MISC{tabularx,
  author = {David Carlisle},
  title = {The tabularx package},
  month = {10},
  year = {2014},
  owner = {Georgio},
  timestamp = {2015.08.18}
}

@MISC{colortbl,
  author = {David Carlisle},
  title = {The colortbl package},
  month = {2},
  year = {2012},
  owner = {Georgio},
  timestamp = {2015.08.13}
}

@MISC{textcase,
  author = {David Carlisle},
  title = {The \texttt{textcase} package},
  month = {10},
  year = {2004},
  owner = {Georgio},
  timestamp = {2015.08.18}
}

@MISC{type1cm,
  author = {David Carlisle},
  title = {type1cm  package for LaTeX},
  month = {4},
  year = {2002},
  owner = {Georgio},
  timestamp = {2015.08.18}
}

@MISC{lscape,
  author = {David Carlisle},
  title = {The lscape package},
  month = {10},
  year = {2000},
  owner = {Georgio},
  timestamp = {2015.08.13}
}

@MISC{fix2col,
  author = {David Carlisle},
  title = {The fix2col package},
  month = {August},
  year = {1998},
  owner = {Georgio},
  timestamp = {2015.02.14}
}

@MISC{slashed,
  author = {David Carlisle},
  title = {The slashed Package},
  month = {Jan},
  year = {1997},
  owner = {kj},
  timestamp = {2014.09.06}
}

@MISC{longtable,
  author = {David Carlisle},
  title = {The longtable package},
  month = {11},
  year = {1996},
  owner = {Georgio},
  timestamp = {2015.08.13}
}

@MISC{xspace,
  author = {David Carlisle and Morten Høgholm},
  title = {The \texttt{xspace} package},
  month = {10},
  year = {2014},
  owner = {Georgio},
  timestamp = {2015.08.18}
}

@MISC{graphicx,
  author = {D. P. Carlisle},
  title = {Packages in the ‘graphics’ bundle},
  month = {4},
  year = {2014},
  owner = {Georgio},
  timestamp = {2015.08.18}
}

@MISC{polyglossia,
  author = {Francois Charette and Arthur Reutenauer},
  title = {Polyglossia: A Babel Replacement for XeLaTeX and LuaLaTeX},
  year = {2014/05/21},
  owner = {Georgio},
  timestamp = {2015.02.16}
}

@MISC{dirtree,
  author = {Jean-Côme Charpentier},
  title = {The \texttt{dirtree} package},
  month = {12},
  year = {2012},
  owner = {Georgio},
  timestamp = {2015.08.18}
}

@MISC{parselines,
  author = {Florent Chervet},
  title = {The \texttt{parselines} package, a simple line parser for TeX},
  month = {2},
  year = {2011},
  owner = {Georgio},
  timestamp = {2015.08.18}
}

@ARTICLE{cleveland1985,
  author = {William S. Cleveland and Robert McGill},
  title = {Graphical Perception and Graphical Methods for Analyzing Scientific
	Data},
  journal = {Science},
  year = {1985},
  volume = {229},
  pages = {828--833},
  owner = {Georgio},
  timestamp = {2015.02.14},
  url = {https://web.cs.dal.ca/~sbrooks/csci4166-6406/seminars/readings/Cleveland_GraphicalPerception_Science85.pdf}
}

@MISC{subfigure,
  author = {Cohran, Steven Douglas},
  title = {The subfig package},
  month = {Jul 5},
  year = {2005},
  owner = {kj},
  timestamp = {2014.08.08}
}

@MISC{moresize,
  author = {Christian Cornelssen},
  title = {moresize: More font sizes with LATEX},
  month = {July},
  year = {1999},
  owner = {Georgio},
  timestamp = {2015.02.09}
}

@MISC{fontawesome,
  author = {Xavier Danaux and Dave Gandy},
  title = {The fontawesome package. High quality web icons},
  month = {7},
  year = {2015},
  owner = {Georgio},
  timestamp = {2015.08.18}
}

@MISC{mdframed,
  author = {Marco Daniel and Elke Schubert},
  title = {The \texttt{mdframed} package},
  month = {7},
  year = {2013},
  owner = {Georgio},
  timestamp = {2015.08.18}
}

@MISC{extpfeil,
  author = {Paul Ebermann},
  title = {Das \texttt{extpfeil-}Package – Weitere erweiterbare Pfeile},
  month = {10},
  year = {2009},
  owner = {Georgio},
  timestamp = {2015.08.18}
}

@ARTICLE{Eijkhout2001,
  author = {Eijkhout, Victor},
  title = {Macros with optional arguments},
  journal = {TUGb},
  year = {2001},
  volume = {22},
  pages = {83-86},
  number = {1/2},
  __markedentry = {[Georgio:2]},
  owner = {kj},
  timestamp = {2014.08.12},
  url = {https://www.tug.org/TUGboat/tb22-1-2/tb70eijk.pdf}
}

@MISC{comment,
  author = {Victor Eijkhout},
  title = {The \texttt{comment} package},
  month = {10},
  year = {1999},
  owner = {Georgio},
  timestamp = {2015.08.18}
}

@MISC{rotating,
  author = {Robin Fairbairns and Sebastian Rahtz and Leonor Barroca},
  title = {A package for rotated objects in LATEX},
  month = {3},
  year = {2009},
  owner = {Georgio},
  timestamp = {2015.08.13}
}

@ARTICLE{farrow96,
  author = {Farrow, John F.},
  title = {Alexander {C}ruden and his concordance.},
  journal = {Indexer},
  year = {1996},
  volume = {20},
  pages = {55-6},
  owner = {kj},
  timestamp = {2014.08.08}
}

@ARTICLE{booktabs,
  author = {Simon Fear},
  title = {Publication quality tables in latex },
  year = {2005},
  howpublished = {\url{http://ctan.um.ac.ir/macros/latex/contrib/booktabs/booktabs.pdf}},
  publisher = {CTAN}
}

@BOOK{writing,
  title = {A {H}istory of {W}riting},
  publisher = {St Edmundsbury Press},
  year = {2001},
  author = {Fischer, Steven Roger},
  address = {Suffolk UK},
  doi = {ISBN 1 86189 101 6},
  owner = {Georgio},
  timestamp = {2015.01.19}
}

@BOOK{fitzmyer,
  title = {The Aramaic inscriptions of Sefīre},
  publisher = {Pontificial Biblical Institute},
  year = {1995},
  author = {Fitzmyer, Joseph A.},
  volume = {19},
  pages = {222},
  series = {Biblica et orientalia Sacra Scriptura antiquitatibus orientalibus
	illustrata},
  address = {Rome},
  hhtype = {wordlist},
  inlg = {English [eng]},
  macro_area = {Eurasia},
  src = {hh},
  srctrickle = {hh#w:Fitzmyer:Aramaic-Sefire},
  url = {http://web.archive.org/web/20051104215025/http://www.nelc.ucla.edu/Faculty/Schniedewind_files/NWSemitic/Aramaic_ABD.pdf}
}

@MISC{lettrine,
  author = {Daniel Flipo},
  title = {Typesetting ‘lettrines’ in LATEX 2ε documents},
  month = {2},
  year = {2015},
  owner = {Georgio},
  timestamp = {2015.08.18}
}

@MISC{soul,
  author = {Melchior Franz},
  title = {The \texttt{soul} package},
  month = {11},
  year = {2003},
  owner = {Georgio},
  timestamp = {2015.08.18}
}

@ARTICLE{frenkel2012,
  author = {Edward Frenkel},
  title = {{Mathematics, Love and Tattoos}},
  journal = {"Matematica e Cultura"},
  year = {2012},
  owner = {Georgio},
  timestamp = {2015.02.10}
}

@ARTICLE{FLN,
  author = {E. Frenkel and A. Losev and N. Nekrasov},
  title = {{Instantons beyond topological theory I}},
  journal = {J. of Inst. Math. Jussieu},
  year = {2011},
  volume = {10},
  pages = {463--565 (hep-th/0610149)},
  owner = {Georgio},
  timestamp = {2015.02.10},
  url = {http://ritesofloveandmath.com}
}

@ARTICLE{frese,
  author = {Stephen J. Frese},
  title = {Divided by a Common Language: The Babel Proclamation and its Influence
	in Iowa History},
  journal = {The History Teacher},
  year = {2005},
  volume = {39},
  pages = {59-88},
  number = {1},
  month = {Nov},
  owner = {Georgio},
  timestamp = {2015.02.01},
  url = {http://www.jstor.org/stable/30036745}
}

@MISC{tipa,
  author = {Rei Fukui},
  title = {TIPA {M}anual Version 1.3},
  month = {March},
  year = {2004},
  owner = {Georgio},
  timestamp = {2015.02.07},
  url = {href://www.ctan/pkg/tipa}
}

@MISC{pict2e,
  author = {Hubert G\"a{\ss}lein and Rolf Niepraschk and Josef Tkadlec},
  title = {The \texttt{pict2e}  package},
  month = {1},
  year = {2014},
  owner = {Georgio},
  timestamp = {2015.08.18}
}

@ARTICLE{garcia,
  author = {Federico Garcia},
  title = {Hypertext capabilities with pdfLaTeX},
  journal = {TUGboat},
  year = {2007},
  volume = {28},
  pages = {129-132},
  number = {1},
  owner = {Georgio},
  timestamp = {2015.02.07},
  url = {http://www.tug.org/TUGboat/tb28-1/tb88garcia.pdf}
}

@BOOK{bacchae,
  title = {Citizen Bacchae, Women's Ritual Practice in Ancient Greece},
  publisher = {University of California Press},
  year = {2004},
  author = {Barbara Goff},
  owner = {kj},
  timestamp = {2014.08.22}
}

@MISC{ulsy,
  author = {Ulrich Goldschmitt},
  title = {The ulsy package},
  month = {Feb},
  year = {1995},
  owner = {Georgio},
  timestamp = {2015.06.19}
}

@BOOK{xetexcompanion,
  title = {The XeTeX Companion},
  year = {2010},
  editor = {Michel Goosens},
  author = {Michel Goossens},
  month = {January},
  owner = {yl},
  timestamp = {2014.09.04},
  url = {http://xml.web.cern.ch/XML/lgc2/xetexmain.pdf}
}

@BOOK{goossens93,
  title = {The LaTeX Companion},
  publisher = {Addison-Wesley},
  year = {1993},
  author = {Michel Goossens and Frank Mittlebach and Alexander Samarin},
  address = {Reading, Massachusetts}
}

@MISC{quire,
  author = {Marcel R. van der Goot},
  title = {quire.tex macros for making booklets, printing double pages, and
	printing
	
	outlines and crop marks.},
  month = {1},
  year = {1990},
  owner = {Georgio},
  timestamp = {2015.08.12}
}

@MISC{kantlipsum,
  author = {Enrico Gregorio},
  title = {The \texttt{kantlipsum} package},
  month = {10},
  year = {2012},
  owner = {Georgio},
  timestamp = {2015.08.18}
}

@ARTICLE{guiggiani2008,
  author = {Massimo Guiggiani and Lapo F. Mori},
  title = {Close-range camera calibration},
  journal = {TUGboat},
  year = {2008},
  volume = {29},
  pages = {255--263},
  number = {2}
}

@MISC{ymath,
  author = {Yiannis Haralambous},
  title = {The ymath package},
  month = {July},
  year = {2013},
  owner = {kj},
  timestamp = {2014.08.30}
}

@MISC{numbrint,
  author = {Harald Harders},
  title = {The numprint package},
  month = {Feb},
  year = {2008},
  owner = {kj},
  timestamp = {2014.08.22}
}

@CONFERENCE{harkins2013,
  author = {Michael Harkins},
  title = {The Expertness of Accounts of Typeface Design: Locating the Emic
	and Etic},
  booktitle = {Knowing Inside Out -- Experiential Knowledge, Expertise and Connoisseurship},
  year = {2013},
  organization = {Design Research Society Special Interest
	
	Group on Experiential Knowledge},
  note = {ISBN: 978-1-907382-72-7},
  owner = {Georgio},
  timestamp = {2015.02.03},
  url = {http://www.experientialknowledge.org.uk/proceedings_2013_files/EKSIG%202013%20Conference%20Proceedings.pdf}
}

@MISC{setspace,
  author = {Erica Harris and Robin Fairbairns and Geoffrey Tobin},
  title = {The setspace package 6.7a},
  year = {2011},
  owner = {yl},
  timestamp = {2014.09.07},
  url = {http://ctan.org/pkg/setspace}
}

@MISC{china2e,
  author = {Udo Heyl},
  title = {\texttt{China2e} a short font report},
  month = {7},
  year = {1997},
  owner = {Georgio},
  timestamp = {2015.08.18}
}

@MISC{bbm,
  author = {Torsten Hilbrich},
  title = {A package for using the \texttt{bbm} fonts in math
	
	environment},
  month = {2},
  year = {2010},
  owner = {Georgio},
  timestamp = {2015.08.18}
}

@BOOK{holmes1884,
  title = {Illustrated catalogue made by the {B}ureau of {E}thnology during
	the field season of 1881.},
  publisher = {Smithsonian Institution---Bureau of Ethnology},
  year = {1884},
  author = {William H. Holmes},
  owner = {kj},
  timestamp = {2014.08.10}
}

@MISC{bbding,
  author = {Karel Horak and Peter  M. Neergaard},
  title = {The \texttt{bbding-}package},
  month = {12},
  year = {2001},
  owner = {Georgio},
  timestamp = {2015.08.18}
}

@ARTICLE{hoyland2010,
  author = {Robert Hoyland},
  title = {Mount Nebo, Ramm, Aramaic and Arabic in Palestine and Arabia},
  year = {2010},
  owner = {Georgio},
  timestamp = {2015.01.19}
}

@MISC{mathtools,
  author = {Morten Høgholm and Lars Madsen},
  title = {The \texttt{mathtools} package},
  month = {8},
  year = {2014},
  owner = {Georgio},
  timestamp = {2015.08.18}
}

@ARTICLE{boguslaw2003,
  author = {Bogusław Jackowski and Janusz M. Nowacki},
  title = {Latin Modern: Enhancing Computer Modern with accents, accents, accents},
  journal = {TUGboat},
  year = {2003},
  volume = {24},
  pages = {64-74},
  owner = {Georgio},
  timestamp = {2015.08.17}
}

@BOOK{style53,
  title = {The Jesus Family Tomb. The Discovery, the Investigation and the Evidence
	that could change History},
  publisher = {Harper Collins},
  year = {2006},
  author = {Simcha Jacobovici and Charles Pelegrino},
  owner = {Georgio},
  timestamp = {2015.02.21}
}

@BOOK{jasper2001papal,
  title = {Papal Letters in the Early Middle Ages},
  publisher = {Catholic University of America Press},
  year = {2001},
  author = {Jasper, D. and Fuhrmann, H.},
  series = {History of medieval canon law},
  isbn = {9780813209197},
  lccn = {lc00059035},
  url = {https://books.google.ae/books?id=nhvTUNoQx\_sC}
}

@MISC{accents,
  author = {Javier},
  title = {The accents package},
  month = {5},
  year = {2006},
  owner = {kj},
  timestamp = {2014.08.30}
}

@MISC{fontinst,
  author = {Alan Jeffrey and Rowland McDonnell and Lanrs Hellstr\"om},
  title = {fontinst, Font Installation software for TeX},
  month = {August},
  year = {2009},
  owner = {kj},
  timestamp = {2014.08.23}
}

@MISC{stmaryrd,
  author = {Jeremy Gibbons Alan Jeffrey and Chris Rowley},
  title = {The St Mary’s Road symbol font},
  month = {3},
  year = {2004},
  owner = {Georgio},
  timestamp = {2015.08.18}
}

@ARTICLE{Kabelschacht1987,
  author = {Kabelschacht, A},
  title = {{\string\ expandafter} vs.
	
	{\string\let} and {\string\def} in conditionals and a generalization
	of plain's {\string\loop}},
  journal = {TUGboat},
  year = {1987},
  volume = {2},
  pages = {184-185},
  owner = {Georgio},
  timestamp = {2015.08.16}
}

@MISC{fontname,
  author = {Karl, Berry},
  title = {Fontname},
  howpublished = {\url{https://www.tug.org/fontname/fontname.pdf}},
  month = {July},
  year = {2009},
  owner = {kj},
  timestamp = {2014.08.15},
  url = {https://www.tug.org/fontname/fontname.pdf}
}

@MISC{wasysym,
  author = {Axel Kielhorn},
  title = {The \texttt{wasysym} macro package for \latexe},
  month = {10},
  year = {2003},
  owner = {Georgio},
  timestamp = {2015.08.18}
}

@MISC{manfnt,
  author = {Axel Kielhorn and Denis Kosygin},
  title = {The \texttt{Manfnt} package. A quick way to access the symbols in
	manfnt},
  month = {7},
  year = {1999},
  owner = {Georgio},
  timestamp = {2015.08.18}
}

@MISC{multienum,
  author = {Dennis Kletzing},
  title = {A Multienumerate Package},
  month = {5},
  year = {2005},
  owner = {Georgio},
  timestamp = {2015.08.18}
}

@MISC{ifsym,
  author = {Ingo Klöckl},
  title = {The \texttt{ifsym} package},
  month = {10},
  year = {2010},
  owner = {Georgio},
  timestamp = {2015.08.18}
}

@MISC{mathrsfs,
  author = {J\"org Knappen},
  title = {Math RSFS package},
  month = {1},
  year = {1996},
  owner = {Georgio},
  timestamp = {2015.08.18}
}

@MISC{tocstyle,
  author = {Markus Kohm},
  title = {The KOMA-Script package tocstyle},
  month = {August},
  year = {2013},
  owner = {Georgio},
  timestamp = {2015.02.14}
}

@MISC{marginnote,
  author = {Markus Kohm},
  title = {Non-{F}oating {M}argin {N}otes with marginnote},
  month = {March},
  year = {2012},
  owner = {Georgio},
  timestamp = {2015.02.08},
  url = {http://ctan.org/pkg/marginnote}
}

@MISC{totcount,
  author = {Vasileios Koutavas},
  title = {The tocount package},
  month = {Jan},
  year = {2011},
  owner = {Georgio},
  timestamp = {2015.08.04}
}

@MISC{harpoon,
  author = {Tobias  Kuipers},
  title = {First Look at \texttt{harpoon.sty}},
  month = {11},
  year = {1994},
  owner = {Georgio},
  timestamp = {2015.08.18}
}

@MISC{dsfont,
  author = {Olaf Kummer},
  title = {Tpa Doublestroke Font},
  month = {February},
  year = {2003},
  owner = {kj},
  timestamp = {2014.08.30}
}

@ARTICLE{laan1992,
  author = {Kees van der Laan},
  title = {Syntactic Sugar},
  journal = {MAPS},
  year = {1992},
  volume = {9},
  pages = {130-136},
  month = {9},
  owner = {Georgio},
  timestamp = {2015.08.17}
}

@BOOK{Lamport1994,
  title = {LaTeX: A Document Preparation System},
  publisher = {Addison-Wesley, Reading, Massachusetts},
  year = {1994},
  author = {Leslie Lamport},
  edition = {Second},
  isbn = {0-201-52983-1}
}

@ARTICLE{lamport1987,
  author = {Leslie Lamport},
  title = {Document Production: Visual or Logical?},
  journal = {Notices of the American Mathematical Society},
  year = {1987},
  volume = {34},
  pages = {621-624},
  owner = {Georgio},
  timestamp = {2015.02.14},
  url = {http://research.microsoft.com/en-us/um/people/lamport/pubs/document-production.pdf}
}

@MISC{fntguide,
  author = {{LaTeX3 Team}},
  title = {LATEX 2ε font selection},
  month = {2},
  year = {2000},
  owner = {Georgio},
  timestamp = {2015.08.16},
  url = {http://latex-project.org/guides/fntguide.pdf}
}

@MISC{etoolbox,
  author = {Philipp Lehman},
  title = {The etoolbox Package},
  month = {1},
  year = {2011},
  owner = {Georgio},
  timestamp = {2015.08.16}
}

@MISC{csquotes,
  author = {Philipp Lehman and Joseph Wright},
  title = {The \texttt{csquotes} Package},
  month = {4},
  year = {2015},
  owner = {Georgio},
  timestamp = {2015.08.18}
}

@PHDTHESIS{liang83,
  author = {Liang, Franklin Mark},
  title = {Word {H}yphenation by {C}omputer},
  school = {Stanford University, Department of Computer Science},
  year = {1983},
  owner = {kj},
  timestamp = {2014.08.09},
  url = {http://tug.org/docs/liang/liang-thesis.pdf}
}

@MISC{blindtext,
  author = {Knut Lickert},
  title = {\texttt{Blindtext.sty}:
	
	Creating Dummy Text},
  month = {1},
  year = {2012},
  owner = {Georgio},
  timestamp = {2015.08.18}
}

@MISC{diagbox,
  author = {Leo Liu},
  title = {diagbox package},
  month = {11},
  year = {2011},
  owner = {Georgio},
  timestamp = {2015.08.13}
}

@MISC{totpages,
  author = {Wilhelm M{\"u}ller},
  title = {The totpages package},
  month = {Sep},
  year = {2005},
  keywords = {page counters},
  owner = {Georgio},
  timestamp = {2015.08.04}
}

@MISC{lastpage,
  author = {H.-Martin M{\"u}nch},
  title = {The lastpage package},
  month = {March},
  year = {2015},
  owner = {Georgio},
  timestamp = {2015.08.04}
}

@MISC{pageslts,
  author = {H.-Martin M{\"u}nch},
  title = {The pageslts package},
  month = {Jan},
  year = {2014},
  owner = {Georgio},
  timestamp = {2015.08.04}
}

@MISC{threeparttablex,
  author = {Lars Madsen},
  title = {A small extension to\texttt{ threeparttable}
	
	– or bringing \texttt{threeparttable} to longtable},
  month = {5},
  year = {2014},
  owner = {Georgio},
  timestamp = {2015.08.18}
}

@MISC{pdfpages,
  author = {Andreas Mattias},
  title = {The \texttt{pdfpages} {P}ackage},
  month = {August},
  year = {2013},
  owner = {Georgio},
  timestamp = {2015.02.07},
  url = {http://www.ctan.org/pkg/pdfpages}
}

@MISC{background,
  author = {Gonzalo Medina},
  title = {The background package},
  month = {3},
  year = {2014},
  owner = {Georgio},
  timestamp = {2015.08.12}
}

@MISC{fp,
  author = {Michael Mehlich},
  title = {The fp package for fixed point arithmetic},
  year = {1994-1999},
  owner = {Georgio},
  timestamp = {2015.02.16}
}

@ARTICLE{mermin89,
  author = {N. David Mermin},
  title = {What's wrong with these equations?},
  journal = {Physics Today},
  year = {1989},
  month = oct,
  note = {\small\url{http://www.cvpr.org/doc/mermin.pdf}}
}

@MISC{marvosym,
  author = {Miklavec, Mojca},
  title = {The {M}arvosym {F}ont {P}ackage},
  howpublished = {http://ctan.org/pkg/marvosym},
  month = {August 15},
  year = {2011},
  owner = {kj},
  timestamp = {2014.08.10}
}

@MISC{multicol,
  author = {Frank Mittelbach},
  title = {An environment for multicolumn output},
  month = {4},
  year = {2015},
  owner = {Georgio},
  timestamp = {2015.08.18}
}

@ARTICLE{mittelbach2013,
  author = {Frank Mittelbach},
  title = {E-TeX Guide for Future TeX Extensions---revisited},
  journal = {TUGboat},
  year = {2013},
  volume = {34},
  pages = {47-63},
  number = {1},
  owner = {Georgio},
  timestamp = {2015.08.10}
}

@MISC{array,
  author = {Frank Mittelbach and David Carlisle},
  title = {A new implementation of \latex’s tabular and array
	
	environment},
  month = {4},
  year = {2015},
  owner = {Georgio},
  timestamp = {2015.08.18}
}

@BOOK{Knuth1990,
  title = {The \LaTeX\ Companion},
  publisher = {Addison--Wesley},
  year = {2004},
  author = {Frank Mittelbach and Michel Goossens},
  edition = {Second},
  isbn = {0-201-36299-6}
}

@BOOK{Mittelbach2004,
  title = {The \LaTeX\ Companion},
  publisher = {Addison--Wesley},
  year = {2004},
  author = {Frank Mittelbach and Michel Goossens},
  edition = {Second},
  isbn = {0-201-36299-6}
}

@MISC{euscript,
  author = {Frank Mittelbach and Rainer Sch\"opf},
  title = {The eucal and euscript ppackage (Revised by David M. Jones)},
  month = {June},
  year = {2009},
  owner = {kj},
  timestamp = {2014.08.30}
}

@BOOK{MLA,
  title = {MLA Handbook for Writers of Research Papers},
  publisher = {Modern Language Association of America (MLA)},
  year = {2009},
  author = {MLA},
  edition = {7},
  owner = {kj},
  timestamp = {2014.08.22}
}

@ARTICLE{morris2012a,
  author = {Errol Morris},
  title = {Hear, All Ye people; Hearken, O Earth (Part One).},
  journal = {New York Times Opinionator},
  year = {2012a},
  owner = {Georgio},
  timestamp = {2015.02.02},
  url = {http://opinionator.blogs.nytimes.com/2012/08/08/?_r=0}
}

@BOOK{moxon,
  title = {Mechanick Exercises: Or the Doctrine of handy-works applied to the
	art of printing, The Second Volume},
  year = {1683},
  author = {Joseph Moxon},
  owner = {kj},
  timestamp = {2014.08.21}
}

@MISC{arydshln,
  author = {Hiroshi Nakashima},
  title = {The \texttt{arydshln} package},
  month = {8},
  year = {2004},
  owner = {Georgio},
  timestamp = {2015.08.18}
}

@MISC{eso-pic,
  author = {Rolf Niepraschk},
  title = {The \texttt{eso-pic}  package},
  month = {10},
  year = {2013},
  owner = {Georgio},
  timestamp = {2015.08.18}
}

@MISC{zref,
  author = {Heiko Oberdiek},
  title = {The zref package},
  month = {April},
  year = {2012},
  owner = {Georgio},
  timestamp = {2015.08.04}
}

@MISC{alphalph,
  author = {Heiko Oberdiek},
  title = {The alphalph package},
  month = {5},
  year = {2011},
  owner = {Georgio},
  timestamp = {2015.08.18}
}

@MISC{centernot,
  author = {Heiko Oberdiek},
  title = {The centernot package},
  month = {Mar},
  year = {2010},
  owner = {kj},
  timestamp = {2014.09.06}
}

@MISC{kvoptions,
  author = {Heiko Oberdiek},
  title = {The kvoptions package},
  howpublished = {\url{http://ctan/pkg/kvoptions}},
  month = {12},
  year = {2010},
  owner = {kj},
  timestamp = {2014.08.15},
  url = {http://ctan/pkg/kvoptions}
}

@MISC{picture,
  author = {Heiko Oberdiek},
  title = {The \texttt{picture} package},
  month = {10},
  year = {2009},
  owner = {Georgio},
  timestamp = {2015.08.18}
}

@MISC{pdflscape,
  author = {Heiko Oberdiek},
  title = {The pdflscape package},
  month = {8},
  year = {2008},
  owner = {Georgio},
  timestamp = {2015.08.13}
}

@MISC{acronym,
  author = {Tobias Oetiker},
  title = {An Acronym Environment for \LaTeXe},
  month = {10},
  year = {2012},
  owner = {yl},
  timestamp = {2014.08.22}
}

@MISC{revtex,
  author = {Arthur Ogawa},
  title = {The revtex4-1 document class of the American
	
	Physical Society},
  month = {7},
  year = {2010},
  owner = {Georgio},
  timestamp = {2015.08.12}
}

@MISC{multirow,
  author = {Piet van Oostrum and Øystein Bache and Jerry Leichter},
  title = {The multirow, bigstrut and bigdelim packages},
  month = {2},
  year = {2010},
  owner = {Georgio},
  timestamp = {2015.08.13}
}

@ARTICLE{pakin2004,
  author = {Scott Pakin},
  title = {How to Package Your \LaTeX\ Package},
  year = {2004},
  howpublished = {\url{http://ctan.um.ac.ir/info/dtxtut/dtxtut.pdf}},
  publisher = {CTAN}
}

@ARTICLE{peterson2009,
  author = {{Peterson}, E.},
  title = {{Unshackling Linear Algebra from Linear Notation}},
  journal = {{ArXiv e-prints}},
  year = {2009},
  number = {0910.1362},
  month = {Oct},
  keywords = {Mathematics - History and Overview, 15-02, 00A35},
  owner = {Georgio},
  timestamp = {2015.02.10},
  url = {http://adsabs.harvard.edu/abs/2009arXiv0910.1362P}
}

@MISC{cclicenses,
  author = {Gianluca Pignalberi},
  title = {The \texttt{cclicenses} package},
  month = {5},
  year = {2005},
  owner = {Georgio},
  timestamp = {2015.08.18}
}

@BOOK{baden1908,
  title = {Scouting for Boys},
  publisher = {Pearson},
  year = {1908},
  author = {Baden Powell},
  place = {London}
}

@MISC{xfrac,
  author = {The LaTeX3 Project},
  title = {The xfrac package, Split-level fractions},
  month = {Feb},
  year = {2012},
  owner = {kj},
  timestamp = {2014.08.22}
}

@MISC{hyperref,
  author = {Sebastian Rahtz and Heiko Oberdiek},
  title = {Hypertext marks in \LaTeX\ a manual for hyperref},
  howpublished = {ftp://tug.ctan.org/tex-archive/macros/latex/contrib/hyperref/doc/manual.pdf},
  month = {November},
  year = {2012},
  owner = {Georgio},
  timestamp = {2015.02.07},
  url = {http://www.ctan.org/pkg/hyperref}
}

@MISC{ascii,
  author = {R. Ramasubramanian and R.W.D. Nickalls and M.A.Reed},
  title = {\texttt{ASCII.sty}. A new style-option and encoded font with IBM
	graphics control characters for use with \tex and \latex},
  month = {7},
  year = {1993},
  owner = {Georgio},
  timestamp = {2015.08.18}
}

@MISC{nicefrac,
  author = {Axel Reichert},
  title = {The packages \texttt{units} and \texttt{nicefrac}},
  month = {8},
  year = {1998},
  owner = {Georgio},
  timestamp = {2015.08.18}
}

@BOOK{octavo,
  title = {The Octavo Package},
  publisher = {CTAN},
  year = {2007},
  author = {Stefan A. Revets},
  howpublished = {http://macros/latex/contrib/octavo}
}

@ARTICLE{Robertson2007,
  author = {Will Roberstson},
  title = {An exploration of the Latin Modern fonts},
  journal = {TUGboat},
  year = {2007},
  volume = {28},
  pages = {177--180},
  owner = {Georgio},
  timestamp = {2015.08.17}
}

@MISC{xetexreference,
  author = {Will Roberstson and Khaled Hosny},
  title = {The XeTeX reference guide},
  month = {May},
  year = {2013},
  owner = {kj},
  timestamp = {2014.09.05}
}

@MISC{fontspec,
  author = {Will Roberstson and Khaled Hosny},
  title = {The fontspec package},
  month = {9},
  year = {2011},
  owner = {yl},
  timestamp = {2014.09.05}
}

@MISC{Roberstson2011,
  author = {Will Roberstson and Khaled Hosny},
  title = {The fontspec package v2.2a},
  month = {Sep},
  year = {2011},
  owner = {yl},
  timestamp = {2014.08.19}
}

@MISC{xltxtra,
  author = {Will Robertson},
  title = {The xltxtra package},
  month = {9},
  year = {2010},
  owner = {Georgio},
  timestamp = {2015.08.18}
}

@BOOK{rogener1995,
  title = {Branding with type: {H}ow type sells},
  publisher = {Adobe Press},
  year = {1995},
  author = {S. Rogener and A. Pool and U. Packhauser},
  address = {California},
  owner = {Georgio},
  timestamp = {2015.02.03}
}

@MISC{esvect,
  author = {Eddie Saudrais},
  title = {Typesetting vectors with beautiful arrow with
	
	\latexe},
  month = {7},
  year = {2013},
  owner = {Georgio},
  timestamp = {2015.08.18}
}

@MISC{adjustbox,
  author = {Martin Scharrer},
  title = {The adjustbox Package},
  month = {5},
  year = {2012},
  owner = {Georgio},
  timestamp = {2015.08.18}
}

@MISC{trimclip,
  author = {Martin Scharrer},
  title = {The \texttt{trimclip} Package},
  month = {5},
  year = {2012},
  owner = {Georgio},
  timestamp = {2015.08.18}
}

@MISC{collcell,
  author = {Martin Scharrer},
  title = {The collcell Package},
  month = {2},
  year = {2011},
  owner = {Georgio},
  timestamp = {2015.08.13}
}

@MISC{microtype,
  author = {R Schlicht},
  title = {The microtype package},
  month = {5},
  year = {2013},
  owner = {Georgio},
  timestamp = {2015.08.18}
}

@MISC{pifont,
  author = {Walter Schmidt},
  title = {Using common PostScript fonts with LATEX},
  month = {9},
  year = {2004},
  owner = {Georgio},
  timestamp = {2015.08.18}
}

@MISC{upgreek,
  author = {Walter Schmidt},
  title = {The \texttt{upgreek} package for \latexe},
  month = {2},
  year = {2003},
  owner = {Georgio},
  timestamp = {2015.08.18}
}

@BOOK{schniedewind2005,
  title = {How the {B}ible {B}ecame a {B}ook: {T}he {T}extualization of {A}ncient
	{I}srael},
  publisher = {Cambridge University Press},
  year = {2005},
  author = {William M. Schniedewind},
  owner = {Georgio},
  timestamp = {2015.02.03}
}

@MISC{count1to,
  author = {Martin Schr\"oder},
  title = {The count1to package},
  month = {May},
  year = {2009},
  owner = {Georgio},
  timestamp = {2015.08.04}
}

@MISC{prelim2e,
  author = {Schr\"oder, Martin},
  title = {The prelim2e package},
  month = {May 30},
  year = {2003},
  owner = {kj},
  timestamp = {2014.08.08}
}

@MISC{everyshi,
  author = {Martin Schr\"oder},
  title = {The everyshi package},
  month = {May 15},
  year = {2001},
  owner = {kj},
  timestamp = {2014.08.08}
}

@BOOK{schreiber1971,
  title = {The Cypro-Phoenician pottery of the Iron Age},
  publisher = {Culture and history of the ancient Near East},
  year = {1971},
  author = {Schreiber, Nicola},
  volume = {v.13},
  owner = {kj},
  timestamp = {2014.08.16}
}

@MISC{everysel,
  author = {Martin Schröder},
  title = {The \texttt{EverySel} package},
  month = {10},
  year = {2011},
  owner = {Georgio},
  timestamp = {2015.08.18}
}

@MISC{ragged2e,
  author = {Martin Schröder},
  title = {The \texttt{ragged2e} package},
  month = {5},
  year = {2009},
  owner = {Georgio},
  timestamp = {2015.08.18}
}

@BOOK{seraphini,
  title = {Codex {S}eraphinianus},
  publisher = {Abbeville Press, New York},
  year = {1981},
  author = {Serafini, Luigi},
  owner = {kj},
  timestamp = {2014.08.10},
  url = {http://en.wikipedia.org/wiki/Codex_Seraphinianus}
}

@MISC{xymtex,
  author = {Fujita Shinsaku},
  title = {XYMTEX (Versions 4.05 and 4.06) for Typesetting Chemical
	
	Structural Formulas: C. The chemtimes Package for
	
	Supporting Times-like Fonts.},
  year = {2009},
  owner = {Georgio},
  timestamp = {2015.02.16}
}

@MISC{newfloat,
  author = {Axel Sommerfeldt},
  title = {The newfloat package},
  month = {March},
  year = {2013},
  owner = {Georgio},
  timestamp = {2015.06.21}
}

@MISC{genealogytree,
  author = {Thomas F. Sturm},
  title = {The genealogytree package},
  month = {May},
  owner = {Georgio},
  timestamp = {2015.06.21}
}

@MISC{philokalia,
  author = {Apostolos Syropoulos},
  title = {The \texttt{philokalia} package},
  month = {1},
  year = {2007},
  owner = {Georgio},
  timestamp = {2015.08.18}
}

@MISC{epiolmec,
  author = {Apostolos Syropoulos},
  title = {The \texttt{epiolmec} package},
  month = {11},
  year = {2003},
  owner = {Georgio},
  timestamp = {2015.08.18}
}

@ARTICLE{syropoulos,
  author = {Apostolos Syropoulos},
  title = {Replicating Archaic Documents: A Typographic Challenge},
  journal = {TUGboat},
  year = {2003},
  volume = {24},
  pages = {319-322},
  owner = {yl},
  timestamp = {2014.10.17},
  url = {http://www.tug.org/TUGboat/tb24-3/syropoulos.pdf}
}

@MISC{anyfont,
  author = {P\'eter Szab\'o},
  title = {The anyfontsize package},
  month = {2},
  year = {2007},
  owner = {Georgio},
  timestamp = {2015.02.09}
}

@MISC{fmtcount,
  author = {Nicola L.C. Talbot},
  title = {\texttt{fmtcount.sty:}  Displaying the Values of \latex Counters},
  month = {5},
  year = {2015},
  owner = {Georgio},
  timestamp = {2015.08.18}
}

@MISC{pkg-pgf,
  author = {Till Tantau},
  title = {Tikz and {PGF}, {M}anual for for {V}ersion 2.1},
  year = {2007},
  owner = {kj},
  timestamp = {2014.08.08}
}

@MISC{translator,
  author = {Till Tantau},
  title = {The Translator Package},
  year = {2007},
  owner = {kj},
  timestamp = {2014.08.25}
}

@MISC{chemfig,
  author = {Christian Tellechea},
  title = {Chemfig a Package for Drawing Molecules},
  year = {2013},
  owner = {Georgio},
  timestamp = {2015.02.16}
}

@MISC{calc,
  author = {Kresten Krab Thorup and Frank Jensen and Chris Rowley},
  title = {{The calc package Infix notation arithmetic in \LaTeX\ }},
  month = {Oct},
  year = {2014},
  owner = {Georgio},
  timestamp = {2015.02.14}
}

@ARTICLE{thurnherr2012,
  author = {Thomas Thurnherr},
  title = {Changing the font size in LATEX},
  journal = {TUGboat},
  year = {2012},
  volume = {33},
  pages = {263-64},
  number = {3},
  owner = {Georgio},
  timestamp = {2015.02.09}
}

@BOOK{Tobin2000,
  title = {\texttt{setspace.sty}},
  publisher = {La Trobe University},
  year = {2000},
  author = {Geoffrey Tobin}
}

@BOOK{town,
  title = {Bookbinding by hand},
  publisher = {Faber \& Faber},
  year = {1951},
  author = {Town, L},
  address = {London},
  edition = {1st Edition}
}

@BOOK{Tufte2006,
  title = {Beautiful Evidence},
  publisher = {Graphics Press, {LLC}},
  year = {2006},
  author = {Edward R. Tufte},
  edition = {First},
  month = {May},
  isbn = {0-9613921-7-7},
  place = {Cheshire, Connecticut}
}

@BOOK{Tufte2001,
  title = {The Visual Display of Quantitative Information},
  publisher = {Graphics Press},
  year = {2001},
  author = {Edward R. Tufte},
  address = {Cheshire, Connecticut},
  isbn = {0-9613921-4-2}
}

@BOOK{Tufte1997,
  title = {Visual Explanations},
  publisher = {Graphics Press},
  year = {1997},
  author = {Edward R. Tufte},
  address = {Cheshire, Connecticut},
  isbn = {0-9613921-2-6}
}

@BOOK{Tufte1990,
  title = {Envisioning Information},
  publisher = {Graphics Press},
  year = {1990},
  author = {Edward R. Tufte},
  address = {Cheshire, Connecticut},
  isbn = {0-9613921-1-8}
}

@ARTICLE{Mercury,
  author = {L. E. Turner},
  title = {Diurnal motion of the Sun as seen from Mercury},
  journal = {Am. J. Phys.},
  year = {1978},
  volume = {46},
  pages = {475--479},
  doi = {http://dx.doi.org/10.1119/1.11238},
  owner = {Georgio},
  timestamp = {2014.12.20},
  url = {http://dx.doi.org/10.1119/1.11238}
}

@MISC{geometry,
  author = {Hideo Umeki},
  title = {The geometry package},
  month = {Sep},
  year = {2010},
  keywords = {packages, geometry},
  owner = {yl},
  timestamp = {2014.08.22}
}

@MISC{pkg-geometry,
  author = {Hideo Umeki},
  title = {The \texttt{geometry} package},
  howpublished = {\url{http://ctan.org/pkg/geometry}},
  month = dec,
  year = {2008}
}

@BOOK{Michigan1880,
  title = {Growing Up in Michigan},
  publisher = {State of Michigan},
  year = {1880},
  author = {unknown},
  place = {Michigan}
}

@ARTICLE{verna,
  author = {Verna, Didier},
  title = {Towards \LaTeX\ coding standards},
  journal = {TUGboat},
  year = {2011},
  volume = {32},
  pages = {309},
  number = {3},
  owner = {kj},
  timestamp = {2014.08.10}
}

@ARTICLE{boris2012,
  author = {Boris Veytsman},
  title = {The fonts we choose},
  journal = {TUGboat},
  year = {2012},
  volume = {33},
  pages = {299-300},
  number = {3},
  owner = {Georgio},
  timestamp = {2015.02.02},
  url = {https://www.tug.org/TUGboat/tb33-3/tb105veytsman-fonts.pdf}
}

@MISC{mathmode,
  author = {Herbert Voß},
  title = {Math mode},
  month = {2},
  year = {2008},
  owner = {Georgio},
  timestamp = {2015.08.15}
}

@MISC{fonttable,
  author = {Peter Wilson},
  title = {The fonttable package},
  year = {2011},
  owner = {kj},
  timestamp = {2014.08.22}
}

@BOOK{Wilson2009,
  title = {The Memoir Class for Configurable Typesetting, User Guide},
  publisher = {The Herries Press},
  year = {2010},
  author = {Peter Wilson},
  edition = {Eighth},
  place = {Printed in the World}
}

@MISC{Wilson2010,
  author = {Peter Wilson},
  title = {The Memoir Class},
  year = {2010},
  owner = {yl},
  timestamp = {2014.09.08}
}

@BOOK{memoir,
  title = {The Memoir class for configurable typesetting},
  publisher = {CTAN},
  year = {2001},
  author = {P. Wilson},
  howpublished = {\url{http://macros/latex/contrib/memoir}}
}

@MISC{needspace,
  author = {Peter Wilson and Will Roberstson},
  title = {The \texttt{needspace} package},
  month = {September},
  year = {2010},
  owner = {Georgio},
  timestamp = {2015.02.07}
}

@MISC{epigraph,
  author = {Peter Wilson and Will},
  title = {The epigraph package},
  year = {2009/09/02},
  owner = {Georgio},
  timestamp = {2015.02.16}
}

@MISC{siunitx,
  author = {Joseph Wright},
  title = {siunitx A comprehensive (SI) units package},
  month = {Jan},
  year = {2012},
  owner = {yl},
  timestamp = {2014.08.22}
}

@ARTICLE{joseph2009,
  author = {Joseph Wright and Christian Feuers\"anger},
  title = {Implementing key--value input: An introduction},
  journal = {TUGboat},
  year = {2009},
  volume = {30},
  pages = {110-120},
  number = {1},
  owner = {kj},
  timestamp = {2014.08.14}
}

@MISC{slashbox,
  author = {Koichi Yasuoka and Toru Sato},
  title = {The slashbox package},
  month = {5},
  year = {1993},
  owner = {Georgio},
  timestamp = {2015.08.13}
}

@MISC{fancybox,
  author = {Timothy Van Zandt},
  title = {Documentation for \texttt{fancybox.sty}: Box tips and tricks for
	LATEX},
  month = {5},
  year = {2010},
  owner = {Georgio},
  timestamp = {2015.08.18}
}

@BOOK{looting,
  title = {Catastrophe! The Looting and Destruction of Iraq's Past},
  publisher = {The Oriental Institute of the University of Chicago},
  year = {2004},
  editor = {Geoff Emberling \& Katharyn Hanson},
  owner = {Georgio},
  timestamp = {2015.02.21}
}

@PROCEEDINGS{hoyland2000,
  title = {Mount Nebo, Ramm, Aramaic and Arabic in Palestine and Arabia},
  year = {2010},
  editor = {Robert Hoyland},
  publisher = {Archaeopress},
  owner = {Georgio},
  timestamp = {2015.01.19},
  url = {https://www.academia.edu/3658961/Mount_Nebo_Ramm_Aramaic_and_Arabic_in_Palestine_and_Arabia}
}

@BOOK{affective,
  title = {Affective {C}omputing, Focus on Emotion Expression, Synthesis and
	Recognition},
  publisher = {I-Tech Education and Publishing},
  year = {2008},
  editor = {Jimmy Or},
  month = {May},
  owner = {Georgio},
  timestamp = {2015.01.27}
}

@MISC{letimbre2136,
  title = {Loi sur le timbre (No. 2136) (in french). Bulletin des lois de la
	Republique (Paris: French government) (237): 1-2},
  owner = {Georgio},
  timestamp = {2015.02.03},
  url = {http://www.cl.cam.ac.uk/~mgk25/loi-timbre.html}
}

