%% LaTeX2e file `test-tufte-natbib.bib'
%% generated by the `filecontents' environment
%% from source `test-tufte-natbib' on 2015/01/26.
%%
@article{Pilegaard2014,
      author    =   {Pilegaard, A. and B. Somebody and C. Nobody},
      title     =   {Some Great Title},
      journal   =   {Best Journal},
      year      =   2014,
      pages     =   {32--39},
      volume    =   3,
      number    =   4}
}
